@article{ImageWarping,
author = { C. A.   Glasbey  and  K. V.   Mardia },
title = {A review of image-warping methods},
journal = {Journal of Applied Statistics},
volume = {25},
number = {2},
pages = {155-171},
year = {1998},
doi = {10.1080/02664769823151}
}

@article {ImageWarping2,
author = {Glasbey, C. A. and Mardia, K. V.},
title = {A penalized likelihood approach to image warping},
journal = {Journal of the Royal Statistical Society: Series B (Statistical Methodology)},
volume = {63},
number = {3},
publisher = {Blackwell Publishers Ltd.},
issn = {1467-9868},
url = {http://dx.doi.org/10.1111/1467-9868.00295},
doi = {10.1111/1467-9868.00295},
pages = {465--492},
year = {2001}
}

@mastersthesis{WeedClassification,
author = {M. Andersson},
school = {Chalmers University of Technology},
title = {Weed and Crop Classification by Automated Digital Image Processing},
year = {1998}
}

@mastersthesis{GenderIdentification,
author = {Johan Wiebe},
school = {Chalmers University of Technology},
title = {Gender identification from video sequences},
year = {2014}
}

@book{diProcessing,
  Author = {Rafael C. Gonzalez . Richar...},
  Title = {Digital Image Processing: International Edition},
  Publisher = {Pearson},
  Year = {2009},
  ISBN = {0132345633},
}

@misc{ndviSource,
    Author = {John Weier and David Herring},
    title = {Measuring Vegetation},
    year = {2010},
    URL = {https://earthobservatory.nasa.gov/Features/MeasuringVegetation/measuring_vegetation_2.php},
    urldate = {2017-07-01},
}

@misc{saviSource,
    title = {Soil-adjusted Vegetation Index},
    year = {2013},
    URL = {http://wiki.landscapetoolbox.org/doku.php/remote_sensing_methods:soil-adjusted_vegetation_index},
    urldate = {2017-07-01},
}

@misc{msaviSource,
    title = {Modified Soil-adjusted Vegetation Index},
    year = {2012},
    URL = {http://wiki.landscapetoolbox.org/doku.php/remote_sensing_methods:modified_soil-adjusted_vegetation_index},
    urldate = {2017-07-01},
}
